@article{ViewPattern,
  author  = {Conor McBride and James McKinna},
  title   = {The view from the left},
  journal = {Journal of Functional Programming},
  volume  = {14},
  number  = {1},
  pages   = {69--111},
  year    = {2004},
  doi     = {10.1017/S0956796803004829},
  url     = {https://doi.org/10.1017/S0956796803004829}
}

@inproceedings{Lean4,
  author    = {Leonardo de Moura and Sebastian Ullrich},
  title     = {The {Lean 4} theorem prover and programming language},
  booktitle = {CADE 2021},
  pages     = {625--635},
  year      = {2021},
  doi       = {10.1007/978-3-030-79876-5\_37},
  url       = {https://doi.org/10.1017/10.1007/978-3-030-79876-5\_37}
}

@article{TPTP,
  author  = {Geoff Sutcliffe},
  title   = {The {TPTP} problem library and associated infrastructure: from {CNF} to {TH0}, {TPTP} v6.4.0},
  journal = {Journal of Automated Reasoning},
  volume  = {59},
  number  = {4},
  pages   = {483--502},
  year    = {2017},
  doi     = {10.1007/s10817-017-9407-7},
  url     = {https://doi.org/10.1007/s10817-017-9407-7}
}

@article{Isabelle,
  author  = {Lawrence C. Paulson and Tobias Nipkow and Makarius Wenzel},
  title   = {From {LCF} to {Isabelle/HOL}},
  journal = {Formal Aspects of Computing},
  volume  = {31},
  number  = {6},
  pages   = {675--698},
  year    = {2019},
  doi     = {10.1007/s00165-019-00492-1},
  url     = {https://doi.org/10.1007/s00165-019-00492-1}
}

@inproceedings{Matita,
  author    = {Andrea Asperti and Wilmer Ricciotti and Claudio Sacerdoti Coen and Enrico Tassi},
  title     = {The {Matita} interactive theorem prover},
  booktitle = {CADE 2011},
  pages     = {64--69},
  year      = {2011},
  doi       = {10.1007/978-3-642-22438-6\_7},
  url       = {https://doi.org/10.1007/978-3-642-22438-6\_7}
}

@inproceedings{sauto,
  author    = {{\L}ukasz Czajka},
  title     = {Practical proof search for {Coq} by type inhabitation},
  booktitle = {IJCAR 2020},
  pages     = {28--57},
  year      = {2020},
  doi       = {10.1007/978-3-030-51054-1\_3},
  url       = {https://doi.org/10.1007/978-3-030-51054-1\_3}
}

@inproceedings{Agsy,
  author    = {Fredrik Lindblad and Marcin Benke},
  title     = {A tool for automated theorem proving in {Agda}},
  booktitle = {TYPES 2004},
  pages     = {154--169},
  year      = {2004},
  doi       = {10.1007/11617990\_10},
  url       = {https://10.1007/11617990\_10}
}

@inproceedings{auto2,
  author    = {Bohua Zhan},
  title     = {{AUTO2}, a saturation-based heuristic prover for higher-order logic},
  booktitle = {ITP 2016},
  pages     = {441--456},
  year      = {2016},
  doi       = {10.1007/978-3-319-43144-4\_27},
  url       = {https://doi.org/10.1007/978-3-319-43144-4\_27}
}

@article{Blanchette16,
  author  = {Blanchette, Jasmin Christian and Kaliszyk, Cezary and Paulson, Lawrence C. and Urban, Josef},
  title   = {Hammering towards {QED}},
  journal = {Journal of Formalized Reasoning},
  volume  = {9},
  number  = {1},
  pages   = {101--148},
  year    = {2016},
  doi     = {10.6092/issn.1972-5787/4593},
  url     = {https://doi.org/10.6092/issn.1972-5787/4593}
}

@article{TacticToe,
  author    = {Thibault Gauthier and Cezary Kaliszyk and Josef Urban and Ramana Kumar and Michael Norrish},
  title     = {{TacticToe}: {L}earning to prove with tactics},
  journal   = {Journal of Automated Reasoning},
  volume    = {65},
  number    = {2},
  pages     = {257--286},
  year      = {2021},
  url       = {https://doi.org/10.1007/s10817-020-09580-x},
  doi       = {10.1007/s10817-020-09580-x},
}

@inproceedings{Bansal19,
  author={Bansal, Kshitij and Loos, Sarah and Rabe, Markus and Szegedy, Christian and Wilcox, Stewart},
  title={{HOList}: an environment for machine learning of higher order logic theorem proving},
  booktitle={ICML 2019},
  pages={454--463},
  year={2019},
  url = {https://proceedings.mlr.press/v97/bansal19a.html}
}


@misc{Han21,
  author = {Han, Jesse Michael and Rute, Jason and Wu, Yuhuai and Ayers, Edward W. and Polu, Stanislas},
  title = {Proof artifact co-training for theorem proving with language models},
  publisher = {arXiv},
  year = {2021},
  doi = {10.48550/ARXIV.2102.06203},
  url = {https://doi.org/10.48550/ARXIV.2102.06203}
}

@misc{Lample22,
  author = {Lample, Guillaume and Lachaux, Marie-Anne and Lavril, Thibaut and Martinet, Xavier and Hayat, Amaury and Ebner, Gabriel and Rodriguez, Aur\'{e}lien and Lacroix, Timoth\'{e}e},
  title = {{HyperTree} proof search for neural theorem proving},
  publisher = {arXiv},
  year = {2022},
  doi = {10.48550/ARXIV.2205.11491},
  url = {https://doi.org/10.48550/ARXIV.2205.11491}
}

@inproceedings{mathlib,
  author = {The {mathlib} Community},
  title = {The lean mathematical library},
  year = {2020},
  booktitle = {CPP 2020},
  pages = {367–381},
  numpages = {15},
  doi = {10.1145/3372885.3373824},
  url = {https://doi.org/10.1145/3372885.3373824}
}

@TechReport{IsabelleAuto,
  author = {Paulson, Lawrence C.},
  title = {Generic automatic proof tools},
  year = 1996,
  month = May,
  institution = {University of Cambridge},
  number = {UCAM-CL-TR-396},
  doi =  {10.48456/tr-396},
  url = {https://doi.org/10.48456/tr-396}
}

@misc{Coq,
  author       = {The {Coq} development team},
  title        = {The {Coq} proof assistant},
  month        = Jan,
  year         = 2022,
  publisher    = {Zenodo},
  version      = {8.15},
  doi          = {10.5281/zenodo.5846982},
  url          = {https://doi.org/10.5281/zenodo.5846982}
}

@inproceedings{ACL2,
  author={Kaufmann, M. and Strother Moore, J.},
  booktitle={COMPASS 1996},
  title={{ACL2}: an industrial strength version of {Nqthm}},
  year={1996},
  pages={23-34},
  doi={10.1109/CMPASS.1996.507872},
  url={https://doi.org/10.1109/CMPASS.1996.507872}
}

@inproceedings{Villadsen20,
  title     = {A micro prover for teaching automated reasoning},
  author    = {Villadsen, J{\o}rgen},
  booktitle = {PAAR 2020},
  year      = {2020}
}

@article{DiscriminationTrees,
  title={Experiments with discrimination-tree indexing and path indexing for term retrieval},
  author={McCune, William},
  journal={Journal of Automated Reasoning},
  volume={9},
  number={2},
  pages={147--167},
  year={1992},
  doi={10.1007/BF00245458},
  url={https://doi.org/10.1007/BF00245458}
}

@article{blast,
  title={A generic tableau prover and its integration with {Isabelle}},
  author={Paulson, Lawrence C.},
  journal={Journal of Universal Computer Science},
  volume={5},
  number={3},
  pages={73--87},
  year={1999},
  doi={10.3217/jucs-005-03-0073},
  url={https://doi.org/10.3217/jucs-005-03-0073}
}

@article{Konev05,
  title={Solution lifting method for handling meta-variables in {TH∃OREM∀}},
  author={Konev, Boris and Jebelean, Tudor},
  journal={Journal of Mathematical Sciences},
  volume={126},
  number={3},
  pages={1182--1194},
  year={2005},
  doi={10.1007/s10958-005-0090-6},
  url={https://doi.org/10.1007/s10958-005-0090-6}
}

@inproceedings{Giese01,
  title={Incremental closure of free variable tableaux},
  author={Giese, Martin},
  booktitle={IJCAR 2001},
  pages={545--560},
  year={2001},
  doi={10.1007/3-540-45744-5\_46},
  url={https://doi.org/10.1007/3-540-45744-5\_46}
}

@phdthesis{Agda,
  author = {Ulf Norell},
  title = {Towards a practical programming language based on dependent type theory},
  school = {Chalmers University of Technology},
  year = 2007,
  month = {September},
  address = {G\"{o}teborg, Sweden},
  url={https://www.cse.chalmers.se/~ulfn/papers/thesis.pdf}
}

@inproceedings{PVS-tutorial,
  title = {{A} Tutorial Introduction to {PVS}},
  author = {Judy Crow and Sam Owre and John Rushby and Natarajan Shankar and Mandayam Srivas},
  booktitle = {Workshop on Industrial-Strength Formal Specification Techniques 1995},
  year = {1995},
  url = {http://www.csl.sri.com/papers/wift-tutorial/}
}
